<?xml version="1.0" encoding="UTF-8"?><collection xmlns="http://www.loc.gov/MARC21/slim"><record><leader>00528nam--2200205-i-4500</leader><controlfield tag="001">000040246</controlfield><controlfield tag="002">20161230</controlfield><controlfield tag="005">20170118220244</controlfield><controlfield tag="008">060222s1000------------r-----000-0-eng-d</controlfield><datafield ind1=" " ind2=" " tag="040"><subfield code="a">IFIN-HH</subfield></datafield><datafield ind1=" " ind2=" " tag="080"><subfield code="a">535</subfield></datafield><datafield ind1="1" ind2=" " tag="100"><subfield code="a">Sanders, J. H</subfield></datafield><datafield ind1="1" ind2="0" tag="245"><subfield code="a">Velocity of light</subfield><subfield code="c">J.H. Sanders</subfield></datafield><datafield ind1=" " ind2=" " tag="250"><subfield code="a">First Edition</subfield></datafield><datafield ind1=" " ind2=" " tag="260"><subfield code="a">Frankfurt</subfield><subfield code="b">Pergamon Press</subfield><subfield code="c">1965</subfield></datafield><datafield ind1=" " ind2=" " tag="300"><subfield code="a">X + 144 p</subfield></datafield><datafield ind1=" " ind2=" " tag="490"><subfield code="a">The Commonwealth And International Library</subfield></datafield><datafield ind1=" " ind2="0" tag="650"><subfield code="a">Light</subfield><subfield code="x">Speed</subfield></datafield><datafield ind1=" " ind2=" " tag="852"><subfield code="a">24974</subfield><subfield code="c">535</subfield></datafield><datafield ind1=" " ind2=" " tag="CAT"><subfield code="a">SYS</subfield><subfield code="c">20170118</subfield><subfield code="h">220244</subfield></datafield></record></collection>